@MISC{noauthor_undated-ej,
  title        = "mp-2815: {MoS2} (hexagonal, P6\_3/mmc, 194)",
  booktitle    = "Materialsproject.org",
  howpublished = "\url{https://legacy.materialsproject.org/materials/mp-2815/}",
  note         = "Accessed: 2024-11-9"
}
